<record><leader>00000cas a22000007a 4500</leader><controlfield tag="001">40192295</controlfield><controlfield tag="008">981029d197519uucauwr ne      0    0eng d</controlfield><datafield ind1=" " ind2=" " tag="010"><subfield code="a">sn 98061420 </subfield></datafield><datafield ind1=" " ind2=" " tag="040"><subfield code="a">CNK</subfield><subfield code="b">eng</subfield><subfield code="c">CNK</subfield><subfield code="d">OCLCQ</subfield><subfield code="d">OCLCF</subfield><subfield code="d">OCLCO</subfield></datafield><datafield ind1="1" ind2=" " tag="029"><subfield code="a">AU@</subfield><subfield code="b">000024785970</subfield></datafield><datafield ind1=" " ind2=" " tag="042"><subfield code="a">msc</subfield></datafield><datafield ind1="0" ind2="0" tag="245"><subfield code="a">Allied Gardens-San Carlos life news.</subfield></datafield><datafield ind1="3" ind2=" " tag="246"><subfield code="a">Allied Gardens San Carlos life news</subfield></datafield><datafield ind1="1" ind2="3" tag="246"><subfield code="a">Life-news and Valley Grove news</subfield></datafield><datafield ind1="1" ind2="7" tag="246"><subfield code="a">Life-news</subfield></datafield><datafield ind1=" " ind2=" " tag="260"><subfield code="a">La Mesa, Calif. :</subfield><subfield code="b">Bob Bell</subfield></datafield><datafield ind1=" " ind2=" " tag="300"><subfield code="a">v.</subfield></datafield><datafield ind1=" " ind2=" " tag="310"><subfield code="a">Weekly</subfield></datafield><datafield ind1="0" ind2=" " tag="362"><subfield code="a">Vol. 12, no. 11 (June 4, 1975)-</subfield></datafield><datafield ind1=" " ind2=" " tag="500"><subfield code="a">"Allied Gardens" and "San Carlos" appear in smaller print above "Life News."</subfield></datafield><datafield ind1=" " ind2=" " tag="580"><subfield code="a">Published in several local editions.</subfield></datafield><datafield ind1=" " ind2="0" tag="651"><subfield code="a">Allied Gardens (San Diego, Calif.)</subfield><subfield code="v">Newspapers.</subfield></datafield><datafield ind1=" " ind2="0" tag="651"><subfield code="a">San Carlos (Calif.)</subfield><subfield code="v">Newspapers.</subfield></datafield><datafield ind1=" " ind2="7" tag="655"><subfield code="a">Newspapers.</subfield><subfield code="2">fast</subfield><subfield code="0">(OCoLC)fst01423814</subfield></datafield><datafield ind1=" " ind2="7" tag="651"><subfield code="a">California</subfield><subfield code="z">San Carlos.</subfield><subfield code="2">fast</subfield><subfield code="0">(OCoLC)fst01215158</subfield></datafield><datafield ind1=" " ind2="7" tag="651"><subfield code="a">California</subfield><subfield code="z">San Diego</subfield><subfield code="z">Allied Gardens.</subfield><subfield code="2">fast</subfield><subfield code="0">(OCoLC)fst01314987</subfield></datafield><datafield ind1=" " ind2=" " tag="752"><subfield code="a">United States</subfield><subfield code="b">California</subfield><subfield code="c">San Diego</subfield><subfield code="d">La Mesa.</subfield></datafield><datafield ind1="0" ind2="0" tag="780"><subfield code="t">Allied Gardens San Carlos Del Cerro life news</subfield><subfield code="w">(DLC)sn 98061419</subfield></datafield></record>